%% This BibTeX bibliography file was created using BibDesk.
%% http://bibdesk.sourceforge.net/


%% Created for Steve Pike at 2011-08-28 21:24:02 +0100 


%% Saved with string encoding Unicode (UTF-8) 



@webpage{nonnativespecies,
	author = {NonNativeSpecies},
	Date-Added = {2011-08-28 21:23:08 +0100},
	Date-Modified = {2011-08-28 21:23:46 +0100},
	Lastchecked = {August, 2011},
	Month = {August},
	Url = {\url{http://nonnativespecies.org}},
	Year = {2011}}

@webpage{ispot,
	author = {iSpot},
	Date-Added = {2011-08-28 21:22:21 +0100},
	Date-Modified = {2011-08-28 21:22:58 +0100},
	Lastchecked = {August, 2011},
	Month = {August},
	Url = {\url{http://ispot.org.uk}},
	Year = {2011}}

@article{Brown:2004uj,
	Author = {Brown, JH},
	Journal = {Austral Ecology},
	Title = {{An essay on some topics concerning invasive species}},
	Year = {2004}}

@article{Cambray:2003wg,
	Author = {Cambray, J},
	Journal = {Hydrobiologia},
	Title = {{Impact on indigenous species biodiversity caused by the globalisation of alien recreational freshwater fisheries}},
	Year = {2003}}

@article{GarciaLlorente:vx,
	Author = {Garc{\'\i}a-Llorente, M and Mart{\'\i}n-L{\'o}pez, B and Nunes, P},
	Journal = {{\ldots} Management},
	Month = mar,
	Title = {{Analyzing the Social Factors That Influence Willingness to Pay for Invasive Alien Species Management Under Two Different Strategies: Eradication and Prevention}},
	Year = {2011}}

@article{Genovesi:2004uw,
	Author = {Genovesi, P},
	Title = {{European strategy on invasive alien species}},
	Year = {2004}}

@article{Goodchild:2007vt,
	Author = {Goodchild, M},
	Journal = {GeoJournal},
	Pages = {211--221},
	Title = {{Citizens as sensors: the world of volunteered geography}},
	Volume = {69},
	Year = {2007}}

@article{Goodchild:2007wf,
	Author = {Goodchild, M},
	Journal = {GeoFocus (Editorial)},
	Number = {7},
	Pages = {8--10},
	Title = {{CITIZENS AS SENSORS: WEB 2.0 AND THE VOLUNTEERING OF GEOGRAPHIC INFORMATION}},
	Year = {2007}}

@article{Hart:2006uz,
	Author = {Hart, J and Martinez, K},
	Journal = {Earth Science Reviews},
	Title = {{Environmental Sensor Networks: A revolution in the earth system science?}},
	Year = {2006}}

@article{Larson:2007vs,
	Author = {Larson, B},
	Journal = {Biological Invasions},
	Title = {{An alien approach to invasive species: objectivity and society in invasion biology}},
	Year = {2007}}

@article{Schenk:2009ud,
	Author = {Schenk, E},
	Journal = {halshs.archives-ouvertes.fr},
	Title = {{Crowdsourcing: What can be Outsourced to the Crowd, and Why?}},
	Year = {2009}}

@article{Sharp:2011eh,
	Author = {Sharp, Ryan L and Larson, Lincoln R and Green, Gary T},
	Journal = {Biological Conservation},
	Number = {8},
	Pages = {2097--2104},
	Title = {{Factors influencing public preferences for invasive alien species management}},
	Volume = {144},
	Year = {2011}}

@article{Silvertown:2009tw,
	Author = {Silvertown, J},
	Journal = {TRENDS in Ecology and Evolution},
	Title = {{A new dawn for citizen science}},
	Year = {2009}}

@article{Somaweera:2010vi,
	Author = {Somaweera, R and Somaweera, N},
	Journal = {Biological Conservation},
	Title = {{Frogs under friendly fire: How accurately can the general public recognize invasive species?}},
	Year = {2010}}

@article{Veitch:2002ud,
	Author = {Veitch, C},
	Journal = {World Conservation Union},
	Title = {{Turning the tide: the eradication of invasive species}},
	Year = {2002}}

@article{Vila:2011ft,
	Author = {Vila, Montserrat and Espinar, Jose L and Hejda, Martin and Hulme, Philip E and Jarosik, Vojtech and Maron, John L and Pergl, Jan and Schaffner, Urs and Sun, Yan and Pysek, Petr},
	Journal = {Ecology Letters},
	Number = {7},
	Pages = {702--708},
	Title = {{Ecological impacts of invasive alien plants: a meta-analysis of their effects on species, communities and ecosystems}},
	Volume = {14},
	Year = {2011}}

@article{Wightman:2010un,
	Author = {Wightman, D},
	Journal = {Proceedings of the 6th Nordic Conference on Human-Computer Interaction: Extending Boundaries},
	Pages = {551--560},
	Title = {{Crowdsourcing human-based computation}},
	Year = {2010}}

@article{Wired:2011uj,
	Author = {Howe, Jeff},
	Journal = {Wired},
	Month = aug,
	Pages = {1--6},
	Title = {{The Rise of Crowdsourcing}},
	Year = {2011}}

@article{Mandak:2005p325,
	Author = {B Mand{\'a}k and K Bimova and P Py{\v s}ek and J {\v S}t{\v e}p{\'a}nek and I Pla{\v c}kov{\'a}},
	Date-Added = {2010-01-27 10:40:36 +0000},
	Date-Modified = {2010-01-27 18:51:53 +0000},
	Journal = {Plant Systematics and Evolution},
	Local-Url = {file://localhost/Users/danjones/Documents/Papers/2005/Mand%C3%A1k/Mand%C3%A1k__Isoenzyme%20diversity%20in%20Reynoutria%20(Polygonaceae).pdf},
	Number = {1},
	Pages = {219--230},
	Pmid = {7735386523097291220related:1NmOFQ-dWWsJ},
	Rating = {0},
	Read = {Yes},
	Title = {Isoenzyme diversity in Reynoutria (Polygonaceae) taxa: escape from sterility by hybridization},
	Uri = {papers://FBEB99AF-C00C-45E2-91BC-C3DEA4D652B1/Paper/p325},
	Volume = {253},
	Year = {2005}}

@article{Vitousek:1997p78,
	Author = {PM Vitousek and CM D'antonio and LL Loope and M Rejmanek and R Westbrooks},
	Date-Added = {2010-01-19 23:14:53 +0000},
	Date-Modified = {2010-01-19 23:37:37 +0000},
	Journal = {New Zealand Journal of Ecology},
	Local-Url = {file://localhost/Users/danjones/Documents/Papers/1997/Vitousek/Vitousek__Introduced%20species%20a%20significant%20component.pdf},
	Number = {1},
	Pages = {1--16},
	Pmid = {16559318325021425027related:g72EFUiEzuUJ},
	Rating = {0},
	Read = {Yes},
	Title = {Introduced species: a significant component of human-caused global change},
	Uri = {papers://FBEB99AF-C00C-45E2-91BC-C3DEA4D652B1/Paper/p78},
	Volume = {21},
	Year = {1997}}

@article{Pimentel:2005p4121,
	Author = {D Pimentel and R Zuniga and D Morrison},
	Date-Added = {2011-08-05 10:51:06 +0100},
	Date-Modified = {2011-08-28 16:36:17 +0100},
	Journal = {Ecological Economics},
	Local-Url = {file://localhost/Users/danjones/Documents/Papers/2005/Pimentel/Pimentel__Update%20on%20the%20environmental%20and-1.pdf},
	Number = {3},
	Pages = {273--288},
	Pmid = {9859327699302175594related:alMTOU5e04gJ},
	Rating = {0},
	Read = {Yes},
	Title = {Update on the environmental and economic costs associated with alien-invasive species in the United States},
	Uri = {papers://FBEB99AF-C00C-45E2-91BC-C3DEA4D652B1/Paper/p4121},
	Volume = {52},
	Year = {2005}}
